
@article{Jia_2016,
   title={Cycle symmetries and circulation fluctuations for discrete-time and continuous-time Markov chains},
   volume={26},
   ISSN={1050-5164},
   url={http://dx.doi.org/10.1214/15-AAP1152},
   DOI={10.1214/15-aap1152},
   number={4},
   journal={The Annals of Applied Probability},
   publisher={Institute of Mathematical Statistics},
   author={Jia, Chen and Jiang, Da-Quan and Qian, Min-Ping},
   year={2016},
   month={Aug}
}
